<record><leader>00000cas a22000007i 4500</leader><controlfield tag="001">800423329</controlfield><controlfield tag="007">cr bn|---uuuuu</controlfield><controlfield tag="008">120514d19721973iluer n o     0   a0eng  </controlfield><datafield ind1=" " ind2=" " tag="010"><subfield code="a">  2016202027</subfield></datafield><datafield ind1=" " ind2=" " tag="040"><subfield code="a">UKAMD</subfield><subfield code="c">UKAMD</subfield><subfield code="d">OCLCF</subfield><subfield code="d">OCLCO</subfield><subfield code="d">OCL</subfield><subfield code="e">rda</subfield><subfield code="d">DLC</subfield><subfield code="d">OCL</subfield></datafield><datafield ind1="0" ind2=" " tag="022"><subfield code="a">2471-4763</subfield><subfield code="2">1</subfield></datafield><datafield ind1=" " ind2=" " tag="042"><subfield code="a">pcc</subfield><subfield code="a">nsdp</subfield></datafield><datafield ind1=" " ind2=" " tag="043"><subfield code="a">n-us---</subfield><subfield code="a">n-us-il</subfield><subfield code="a">a-vt---</subfield></datafield><datafield ind1="1" ind2="0" tag="050"><subfield code="a">ISSN RECORD</subfield></datafield><datafield ind1="1" ind2="0" tag="082"><subfield code="a">322.44</subfield><subfield code="2">23</subfield></datafield><datafield ind1="0" ind2=" " tag="130"><subfield code="a">War bulletin (Chicago, Ill. : Online)</subfield></datafield><datafield ind1=" " ind2="0" tag="222"><subfield code="a">War bulletin</subfield><subfield code="b">(Chicago, Ill. Online)</subfield></datafield><datafield ind1="1" ind2="0" tag="245"><subfield code="a">War bulletin.</subfield></datafield><datafield ind1="1" ind2=" " tag="246"><subfield code="i">Issue for &lt;Nov. 2/16, 1972&gt; published as:</subfield><subfield code="a">Midwest war bulletin</subfield></datafield><datafield ind1=" " ind2=" " tag="250"><subfield code="a">Chicago ed.</subfield></datafield><datafield ind1=" " ind2="1" tag="264"><subfield code="a">Chicago, Ill. :</subfield><subfield code="b">Indochina Peace Campaign,</subfield><subfield code="c">1972-1973.</subfield></datafield><datafield ind1=" " ind2=" " tag="300"><subfield code="a">v. :</subfield><subfield code="b">ill. ;</subfield><subfield code="c">44 cm.</subfield></datafield><datafield ind1=" " ind2=" " tag="310"><subfield code="a">Biweekly</subfield></datafield><datafield ind1=" " ind2=" " tag="336"><subfield code="a">text</subfield><subfield code="b">txt</subfield><subfield code="2">rdacontent</subfield></datafield><datafield ind1=" " ind2=" " tag="337"><subfield code="a">computer</subfield><subfield code="b">c</subfield><subfield code="2">rdamedia</subfield></datafield><datafield ind1=" " ind2=" " tag="338"><subfield code="a">online resource</subfield><subfield code="b">cr</subfield><subfield code="2">rdacarrier</subfield></datafield><datafield ind1="0" ind2=" " tag="362"><subfield code="a">No. 17 (Sept. 8/21, 1972)-</subfield></datafield><datafield ind1="1" ind2=" " tag="362"><subfield code="a">Ceased in 1973.</subfield></datafield><datafield ind1=" " ind2=" " tag="500"><subfield code="a">Title from masthead.</subfield></datafield><datafield ind1=" " ind2=" " tag="580"><subfield code="a">Regional ed. of: War bulletin (Berkeley, Calif.).</subfield></datafield><datafield ind1=" " ind2=" " tag="533"><subfield code="a">Electronic reproduction.</subfield><subfield code="m">No. 18 (Sept. 22-Oct. 6, [1972]) only.</subfield><subfield code="b">Marlborough, England :</subfield><subfield code="c">Adam Matthew Digital.</subfield><subfield code="b">[Chicago, Ill.] :</subfield><subfield code="c">Adam Matthew Education [North American distributor],</subfield><subfield code="d">c2011</subfield><subfield code="f">(Rock and roll, counterculture, peace and protest : popular culture in Britain and America, 1950-1975).</subfield></datafield><datafield ind1="1" ind2=" " tag="535"><subfield code="a">Browne Popular Culture Library, Bowling Green State University</subfield></datafield><datafield ind1=" " ind2=" " tag="588"><subfield code="a">Description based on: No. 3 (April 21, 1972); title from caption (Reveal Digital website, viewed March 18, 2016).</subfield></datafield><datafield ind1=" " ind2=" " tag="588"><subfield code="a">Latest issue consulted: No. 22 (Feb. 1-14, 1973) (viewed March 18, 2016).</subfield></datafield><datafield ind1=" " ind2="0" tag="650"><subfield code="a">Underground press publications</subfield><subfield code="z">Illinois</subfield><subfield code="z">Chicago.</subfield></datafield><datafield ind1=" " ind2="0" tag="650"><subfield code="a">Vietnam War, 1961-1975</subfield><subfield code="v">Newspapers.</subfield></datafield><datafield ind1=" " ind2="0" tag="650"><subfield code="a">Vietnam War, 1961-1975</subfield><subfield code="x">Protest movements</subfield><subfield code="z">Illinois</subfield><subfield code="v">Newspapers.</subfield></datafield><datafield ind1=" " ind2="0" tag="650"><subfield code="a">Peace movements</subfield><subfield code="z">United States</subfield><subfield code="v">Newspapers.</subfield></datafield><datafield ind1=" " ind2="0" tag="650"><subfield code="a">Political activists</subfield><subfield code="z">Illinois</subfield><subfield code="v">Newspapers.</subfield></datafield><datafield ind1=" " ind2="0" tag="651"><subfield code="a">United States</subfield><subfield code="x">Politics and government</subfield><subfield code="y">1969-1974</subfield><subfield code="v">Newspapers.</subfield></datafield><datafield ind1=" " ind2="0" tag="650"><subfield code="a">Civil rights</subfield><subfield code="z">United States</subfield><subfield code="v">Newspapers.</subfield></datafield><datafield ind1="2" ind2="7" tag="611"><subfield code="a">Vietnam War (1961-1975)</subfield><subfield code="2">fast</subfield><subfield code="0">(OCoLC)fst01431664</subfield></datafield><datafield ind1=" " ind2="7" tag="650"><subfield code="a">Civil rights.</subfield><subfield code="2">fast</subfield><subfield code="0">(OCoLC)fst00862627</subfield></datafield><datafield ind1=" " ind2="7" tag="650"><subfield code="a">Peace movements.</subfield><subfield code="2">fast</subfield><subfield code="0">(OCoLC)fst01055858</subfield></datafield><datafield ind1=" " ind2="7" tag="650"><subfield code="a">Political activists.</subfield><subfield code="2">fast</subfield><subfield code="0">(OCoLC)fst01069192</subfield></datafield><datafield ind1=" " ind2="7" tag="650"><subfield code="a">Politics and government</subfield><subfield code="2">fast</subfield><subfield code="0">(OCoLC)fst01919741</subfield></datafield><datafield ind1=" " ind2="7" tag="650"><subfield code="a">Protest movements.</subfield><subfield code="2">fast</subfield><subfield code="0">(OCoLC)fst01079826</subfield></datafield><datafield ind1=" " ind2="7" tag="650"><subfield code="a">Underground press publications.</subfield><subfield code="2">fast</subfield><subfield code="0">(OCoLC)fst01160984</subfield></datafield><datafield ind1=" " ind2="7" tag="651"><subfield code="a">Illinois.</subfield><subfield code="2">fast</subfield><subfield code="0">(OCoLC)fst01205143</subfield></datafield><datafield ind1=" " ind2="7" tag="651"><subfield code="a">Illinois</subfield><subfield code="z">Chicago.</subfield><subfield code="2">fast</subfield><subfield code="0">(OCoLC)fst01204048</subfield></datafield><datafield ind1=" " ind2="7" tag="651"><subfield code="a">United States.</subfield><subfield code="2">fast</subfield><subfield code="0">(OCoLC)fst01204155</subfield></datafield><datafield ind1=" " ind2="7" tag="648"><subfield code="a">1961-1975</subfield><subfield code="2">fast</subfield></datafield><datafield ind1=" " ind2="7" tag="655"><subfield code="a">Newspapers.</subfield><subfield code="2">fast</subfield><subfield code="0">(OCoLC)fst01423814</subfield></datafield><datafield ind1="2" ind2=" " tag="710"><subfield code="a">Indochina Peace Campaign (Organization : U.S.)</subfield></datafield><datafield ind1="2" ind2=" " tag="710"><subfield code="a">Bowling Green State University.</subfield><subfield code="b">Popular Culture Library.</subfield></datafield><datafield ind1="2" ind2=" " tag="710"><subfield code="a">Adam Matthew Digital (Firm)</subfield></datafield><datafield ind1="2" ind2=" " tag="710"><subfield code="a">Adam Matthew Education (Firm)</subfield></datafield><datafield ind1="1" ind2=" " tag="775"><subfield code="t">War bulletin (Berkeley, Calif.)</subfield></datafield><datafield ind1="0" ind2="8" tag="776"><subfield code="i">Print version:</subfield><subfield code="t">War bulletin (Chicago, Ill. : Print)</subfield><subfield code="x">2471-4755</subfield><subfield code="w">(DLC)sn 95063009</subfield><subfield code="w">(OCoLC)17724003</subfield></datafield><datafield ind1=" " ind2="0" tag="830"><subfield code="a">Rock and roll, counterculture, peace and protest.</subfield></datafield><datafield ind1="4" ind2="0" tag="856"><subfield code="u">http://voices.revealdigital.com/cgi-bin/independentvoices?a=cl&amp;cl=CL1&amp;sp=BHHCEAAD&amp;ai=1</subfield></datafield><datafield ind1="4" ind2="0" tag="856"><subfield code="u">http://www.rockandroll.amdigital.co.uk/Contents/DocumentDetails.aspx?documentid=586538</subfield></datafield><datafield ind1="1" ind2=" " tag="029"><subfield code="a">NZ1</subfield><subfield code="b">14678420</subfield></datafield></record>